<?xml version="1.0" encoding="UTF-8"?><collection xmlns="http://www.loc.gov/MARC21/slim"><record><leader>00422nam--2200133-i-4500</leader><controlfield tag="001">000025749</controlfield><controlfield tag="002">20161230</controlfield><controlfield tag="005">20161230201036</controlfield><controlfield tag="008">060222s1000------------r-----000-0-eng-d</controlfield><datafield ind1=" " ind2=" " tag="080"><subfield code="a">530.93:621.039.86(047.3)</subfield></datafield><datafield ind1=" " ind2=" " tag="245"><subfield code="a">K-ar age determinations from apuseni and the banat mountains</subfield></datafield><datafield ind1=" " ind2=" " tag="260"><subfield code="a">Bucharest, Institutul De Fizica Atomica, 1975, 13p</subfield></datafield><datafield ind1=" " ind2=" " tag="700"><subfield code="a">Pavelescu, L., Pop, G., Ailenei, G., Ene, I./S.A.</subfield></datafield><datafield ind1=" " ind2=" " tag="852"><subfield code="a">44205</subfield></datafield></record></collection>